@misc{denovo,
  title = {De Novo Group},
  howpublished = {\url{http://denovogroup.org/}},
  note = {Accessed: 2015-04-20}
}